@manual{mayaguide,
author = {Autodesk, Inc.},
title = {Autodesk\textsuperscript{\textregistered} Maya\textsuperscript{\textregistered} 2012 Manual},
year = {2011},
url = {http://download.autodesk.com/global/docs/maya2012/en_us/index.html}
}

@manual{eigenmanual,
author = {Benoît Jacob, Gaël Guennebaud и др.},
title = {API Documentation for Eigen3},
year = {2012},
url = {http://eigen.tuxfamily.org/dox/}
}

@book{luna2008introduction,
  title={Introduction to 3D Game Programming With DirectX 10},
  author={Luna, F.D.},
  isbn={9781598220537},
  lccn={2008025034},
  series={Wordware Game and Graphics Library},
  url={http://books.google.ru/books?id=AyACb-t8E-MC},
  year={2008},
  publisher={Wordware Pub.}
}

@misc{voxlapsrc,
author = {Ken Silverman},
title = {Исходный код Voxlap},
year = {2005},
howpublished = {\url{http://advsys.net/ken/voxlap/voxlap05.htm}}
}

@misc{wiki:rasterization,
author = "Wikipedia",
title = "Rasterization --- {W}ikipedia{,} The Free Encyclopedia",
year = "2012",
url = "http://en.wikipedia.org/w/index.php?title=Rotation_matrix&oldid=527047364",
note = "[Online; accessed 18-December-2012]"
}

@misc{wiki:bilinear,
author = "Wikipedia",
title = "Bilinear interpolation --- {W}ikipedia{,} The Free Encyclopedia",
year = "2012",
url = "http://en.wikipedia.org/w/index.php?title=Bilinear_interpolation&oldid=525110584",
note = "[Online; accessed 18-December-2012]"
}

@misc{languagebenchmark,
title = "The Computer Language Benchmarks Game",
year = "2012",
url = "http://benchmarksgame.alioth.debian.org/index.php",
note = "[Online; accessed 18-December-2012]"
}

@phdthesis{gouraudshading,
 author = {Gouraud, Henri},
 title = {Computer display of curved surfaces},
 year = {1971},
 note = {AAI7127878},
 publisher = {The University of Utah},
} 

@book{rogerscgelements,
  title={Алгоритмические основы машинной графики},
  author={Роджерс, Д.Ф.},
  isbn={9785030004761},
  url={http://books.google.ru/books?id=iptuAAAACAAJ},
  year={1989},
  publisher={Мир}
}

@book{richard2005opengl,
  title={OpenGL SuperBible},
  author={Richard S Wright, J. and Lipchak, B.},
  isbn={9780672326011},
  lccn={2003116629},
  url={http://books.google.ru/books?id=LZx4RAAACAAJ},
  year={2005},
  publisher={Sams}
}

@book{angel2006interactive,
  title={Interactive Computer Graphics: A Top-down Approach Using OpenGL},
  author={Angel, E.},
  isbn={9780321312525},
  lccn={2005002343},
  series={Computer graphics},
  url={http://books.google.ru/books?id=Fsy\_QgAACAAJ},
  year={2006},
  publisher={Pearson/Addison-Wesley}
}

@article{cooktorrancemodel,
 author = {Cook, R. L. and Torrance, K. E.},
 title = {A Reflectance Model for Computer Graphics},
 journal = {ACM Trans. Graph.},
 issue_date = {Jan. 1982},
 volume = {1},
 number = {1},
 month = jan,
 year = {1982},
 issn = {0730-0301},
 pages = {7--24},
 numpages = {18},
 url = {http://doi.acm.org/10.1145/357290.357293},
 doi = {10.1145/357290.357293},
 acmid = {357293},
 publisher = {ACM},
 address = {New York, NY, USA},
 keywords = {image synthesis, reflectance},
} 

@phdthesis{phongmodel,
 author = {Phong, Bui Tuong},
 title = {Illumination for computer-generated images.},
 year = {1973},
 note = {AAI7402100},
 publisher = {The University of Utah},
}

@article{blinnphongmodel,
 author = {Blinn, James F.},
 title = {Models of light reflection for computer synthesized pictures},
 journal = {SIGGRAPH Comput. Graph.},
 issue_date = {Summer 1977},
 volume = {11},
 number = {2},
 month = jul,
 year = {1977},
 issn = {0097-8930},
 pages = {192--198},
 numpages = {7},
 url = {http://doi.acm.org/10.1145/965141.563893},
 doi = {10.1145/965141.563893},
 acmid = {563893},
 publisher = {ACM},
 address = {New York, NY, USA},
 keywords = {computer graphics, graphic display, hidden surface removal, shading},
} 

@article{bsptrees,
 author = {Fuchs, Henry and Kedem, Zvi M. and Naylor, Bruce F.},
 title = {On visible surface generation by a priori tree structures},
 journal = {SIGGRAPH Comput. Graph.},
 issue_date = {July 1980},
 volume = {14},
 number = {3},
 month = jul,
 year = {1980},
 issn = {0097-8930},
 pages = {124--133},
 numpages = {10},
 url = {http://doi.acm.org/10.1145/965105.807481},
 doi = {10.1145/965105.807481},
 acmid = {807481},
 publisher = {ACM},
 address = {New York, NY, USA},
} 
